@article{martin2012stochastic,
  title={A stochastic Newton MCMC method for large-scale statistical inverse
problems with application to seismic inversion},
  author={Martin, James and Wilcox, Lucas C and Burstedde, Carsten and
Ghattas, Omar},
  journal={SIAM Journal on Scientific Computing},
  volume={34},
  number={3},
  pages={A1460--A1487},
  year={2012},
  publisher={SIAM}
}


@article{wray1988characterization,
  title={Characterization of the near infrared absorption spectra of
cytochrome aa3 and haemoglobin for the non-invasive monitoring of cerebral
oxygenation},
  author={Wray, Susan and Cope, Mark and Delpy, David T and Wyatt, John S
and Reynolds, E Osmund R},
  journal={Biochimica et Biophysica Acta (BBA)-Bioenergetics},
  volume={933},
  number={1},
  pages={184--192},
  year={1988},
  publisher={Elsevier}
}


@inproceedings{needles2010development,
  title={Development of a combined photoacoustic micro-ultrasound system for
estimating blood oxygenation},
  author={Needles, A and Heinmiller, A and Ephrat, P and Bilan-Tracey, C and
Trujillo, A and Theodoropoulos, C and Hirson, D and Foster, FS},
  booktitle={Ultrasonics Symposium (IUS), 2010 IEEE},
  pages={390--393},
  year={2010},
  organization={IEEE}
}



@article{welch1984thermal,
  title={The thermal response of laser irradiated tissue},
  author={Welch, Ashley J},
  journal={Quantum Electronics, IEEE Journal of},
  volume={20},
  number={12},
  pages={1471--1481},
  year={1984},
  publisher={IEEE}
}
@article{duck1990,
  title={Physical properties of tissue: a comprehensive reference book},
  author={Duck, FA},
  year={1990},
  journal={London, UK: Academic}
}
@article{fuentesetal10a,
  author = "D.~Fuentes and C.~Walker and A.~Elliott
and A.~Shetty and J.~Hazle and R.~J.~Stafford",
  title = {{MR Temperature Imaging Validation of a Bioheat Transfer Model
for LITT}},
  journal = {{International Journal of Hyperthermia}},
  volume = {27},
  number = {5},
  pages = {453-464},
  year = {2011},
  note = {Cover Page, PMC3930085 },
  doi = {10.3109/02656736.2011.557028},
}



@article{ahmed1989entropy,
  title={Entropy expressions and their estimators for multivariate
distributions},
  author={Ahmed, Nabil Ali and Gokhale, DV},
  journal={IEEE Transactions on Information Theory},
  volume={35},
  number={3},
  pages={688--692},
  year={1989}
}


@book{durrett2010probability,
  title={Probability: theory and examples},
  author={Durrett, Rick},
  year={2010},
  publisher={Cambridge university press}
}

@article{Madankan15,
  author = "R.~Madankan and W.~Stefan and J.~D.~Hazle and R.~J.~Stafford and
 D.~Fuentes",
  title = {{Accelerated Model-based Signal Reconstruction for Magnetic
Resonance Imaging in Presence of Uncertainties}},
  year = {2015},
  note = {submitted},
  journal = {{IEEE Trans. Med. Img.}},
}

@article{Fahrenholtz15,
  author = "S.~Fahrenholtz and T.~Moon and M.~Franco and D.~Medina and
J.~D.~Hazle and R.~J.~Stafford and F.~Maier and S.~Danish and A.~Gowda and
A.~Shetty and T.~Warburton and  D.~Fuentes ",
  title = {{A Model Evaluation Study for Treatment Planning of Laser Induced
Thermal Therapy.}},
  note = {in preparation},
  year = {2015},
  journal={International Journal of Hyperthermia},
}
@article{fahrenholtz2013generalised,
  author={S.~Fahrenholtz and R.~J.~Stafford and J.~Hazle
and D.~Fuentes},
  title={{Generalised polynomial chaos-based uncertainty quantification for
planning MRgLITT procedures}},
  journal={International Journal of Hyperthermia},
  volume={29},
  number={4},
  pages={324--335},
  year={2013},
  publisher={Informa UK Ltd. London},
  note = {PMC3924420},
  url = {http://www.ncbi.nlm.nih.gov/pmc/articles/PMC3924420/}
}


@article{yung15,
  author = "J.~Yung and  D.~Fuentes and
C.~J.~MacLellan and F.~Maier and J.~D.~Hazle and R.~J.~Stafford",
  title = {{Referenceless Magnetic Resonance Temperature Imaging using
Gaussian Process Modeling}},
  year = {2015},
  note = {in review},
  journal = {{Medical Physics}},
}

@article{stefan15,
  author = "W.~Stefan and  D.~Fuentes and  E.~Yeniaras
and K.~Hwang and J.~D.~Hazle and R.~J.~Stafford",
  title = {{Novel Method for Background Phase Removal on MRI Proton
Resonance Frequency Measurements}},
  year = {2015},
  note = {in review},
  journal = {{Trans. Medical Imaging}},
}


@article{maclellan2013estimating,
  title={Estimating nanoparticle optical absorption with magnetic resonance
temperature imaging and bioheat transfer simulation},
  author={MacLellan, Christopher J and Fuentes, David
and Elliott, Andrew M and Schwartz, Jon and Hazle, John D and Stafford, R
Jason},
  journal={International Journal of Hyperthermia},
  number={0},
  pages={1--9},
  year={2013},
  publisher={Informa UK Ltd. London}
}

@article{fuentesetal12a,
  author = "D.~Fuentes and A. Elliott and
J.~S.~Weinberg and A.~Shetty and J.~D.~Hazle and R.~J.~Stafford",
  title = {{An Inverse Problem Approach to Recovery of In-Vivo Nanoparticle
Concentrations from
Thermal Image Monitoring of MR-Guided Laser Induced Thermal Therapy}},
  volume={41},
  number={1},
  pages={100--111},
  year = {2013},
  journal = {{Ann. BME.}},
  note = {PMC3524364},
  url= {http://www.ncbi.nlm.nih.gov/pmc/articles/PMC3524364/}
}


@article{fuentesetal09,
  author = "D.~Fuentes and Y.~Feng and A.~Elliott and
A.~Shetty and R.~J.~McNichols and J.~T.~Oden and R.~J.~Stafford",
  title = {{Adaptive Real-Time Bioheat Transfer Models for Computer Driven
MR-guided Laser Induced Thermal Therapy}},
  journal = {{IEEE Trans. Biomed. Eng.}},
  year = {2010},
  Volume = {57},
  number = {5},
  note = {Cover Page, PMC3857613},
  url = {http://www.ncbi.nlm.nih.gov/pmc/articles/PMC3857613/}
}

@Article{Fuentesetal08,
  author = "D.~Fuentes and J.~T.~Oden and
K.~R.~Diller  and J.~Hazle and A.~Elliott and  and A.~Shetty and
R.~J.~Stafford ",
  title = {{Computational Modeling and Real-Time Control of Patient-Specific
           Laser Treatment Cancer}},
  journal = {{Ann. BME.}},
  year = {2009},
  number = {4},
  Volume = {37},
  note = {PMC4064943},
  pages = {763},
  url = {http://www.springerlink.com/content/g413k3716q43412m}
}


@article{carp2004rtd,
author = {Carp, Stefan A and Prahl, Scott a and Venugopalan, Vasan},
issn = {1083-3668},
journal = {Journal of biomedical optics},
keywords = {Biological,Computer Simulation,Connective Tissue,Connective
Tissue: physiology,Light,Models,Nephelometry and Turbidimetry,Nephelometry
and Turbidimetry: methods,Radiation,Radiation Dosage,Radiometry,Radiometry:
methods,Scattering,Statistical,laser model,litt,reviewfeb2013},
number = {3},
pages = {632--47},
pmid = {15189103},
title = {{Radiative transport in the delta-P1 approximation: accuracy of
fluence rate and optical penetration depth predictions in turbid
semi-infinite media.}},
url = {http://www.ncbi.nlm.nih.gov/pubmed/15189103},
volume = {9},
year = {2004}
}

@book{Modest2003,
  title={Radiative heat transfer},
  author={Modest, Michael F},
  year={2013},
  publisher={Academic press}
}


@book{Welch95,
  title={Optical-thermal response of laser-irradiated tissue},
  author={Welch, Ashley J and Van Gemert, Martin JC},
  volume={1},
  year={1995},
  publisher={Springer}
}


@article{Fasano2010,
  title={On a mathematical model for laser-induced thermotherapy},
  author={Fasano, Antonio and H{\"o}mberg, Dietmar and Naumov, Dmitri},
  journal={Applied Mathematical Modelling},
  volume={34},
  number={12},
  pages={3831--3840},
  year={2010},
  publisher={Elsevier}
}

